@inproceedings{fidler2013sentence,
  title={A sentence is worth a thousand pixels},
  author={Fidler, Sanja and Sharma, Abhishek and Urtasun, Raquel},
  booktitle={Proceedings of the IEEE Conference on Computer Vision and Pattern Recognition},
  pages={1995--2002},
  year={2013}
}
@inproceedings{karpathy2015deep,
  title={Deep visual-semantic alignments for generating image descriptions},
  author={Karpathy, Andrej and Fei-Fei, Li},
  booktitle={Proceedings of the IEEE Conference on Computer Vision and Pattern Recognition},
  pages={3128--3137},
  year={2015}
}
@incollection{farhadi2010every,
  title={Every picture tells a story: Generating sentences from images},
  author={Farhadi, Ali and Hejrati, Mohsen and Sadeghi, Mohammad Amin and Young, Peter and Rashtchian, Cyrus and Hockenmaier, Julia and Forsyth, David},
  booktitle={Computer Vision--ECCV 2010},
  pages={15--29},
  year={2010},
  publisher={Springer}
}
@inproceedings{felzenszwalb2008discriminatively,
  title={A discriminatively trained, multiscale, deformable part model},
  author={Felzenszwalb, Pedro and McAllester, David and Ramanan, Deva},
  booktitle={Computer Vision and Pattern Recognition, 2008. CVPR 2008. IEEE Conference on},
  pages={1--8},
  year={2008},
  organization={IEEE}
}